{
  "leader": "01931cam a22003851i 4500",
  "fields": [
    {
      "001": "ocm01444157\\"
    },
    {
      "003": "OCoLC"
    },
    {
      "005": "20220708111214.0"
    },
    {
      "008": "750711s1930\\\\\\\\nyu\\\\\\\\\\\\\\\\\\\\\\000\\0\\eng\\\\"
    },
    {
      "010": {
        "ind1": "\\",
        "ind2": "\\",
        "subfields": [
          {
            "a": "   30016033 "
          }
        ]
      }
    },
    {
      "040": {
        "ind1": "\\",
        "ind2": "\\",
        "subfields": [
          {
            "a": "DLC"
          },
          {
            "b": "eng"
          },
          {
            "c": "TOL"
          },
          {
            "d": "DLC"
          },
          {
            "d": "OCLCQ"
          },
          {
            "d": "OCLCG"
          },
          {
            "d": "UKMGB"
          },
          {
            "d": "OCLCF"
          },
          {
            "d": "OCLCQ"
          },
          {
            "d": "OCLCO"
          },
          {
            "d": "HRM"
          },
          {
            "d": "GILDS"
          },
          {
            "d": "XFF"
          },
          {
            "d": "COF"
          },
          {
            "d": "GZM"
          },
          {
            "d": "HCO"
          },
          {
            "d": "MNI"
          },
          {
            "d": "TKN"
          },
          {
            "d": "PAU"
          },
          {
            "d": "NAM"
          },
          {
            "d": "SNN"
          },
          {
            "d": "INT"
          },
          {
            "d": "TFW"
          },
          {
            "d": "LGG"
          },
          {
            "d": "TJC"
          },
          {
            "d": "VLW"
          },
          {
            "d": "BUF"
          },
          {
            "d": "QE2"
          },
          {
            "d": "J9U"
          },
          {
            "d": "JHE"
          },
          {
            "d": "CKM"
          },
          {
            "d": "VYE"
          },
          {
            "d": "OCLCQ"
          },
          {
            "d": "OCLCO"
          }
        ]
      }
    },
    {
      "016": {
        "ind1": "7",
        "ind2": "\\",
        "subfields": [
          {
            "a": "001952697"
          },
          {
            "2": "Uk"
          }
        ]
      }
    },
    {
      "019": {
        "ind1": "\\",
        "ind2": "\\",
        "subfields": [
          {
            "a": "247067138"
          },
          {
            "a": "561169354"
          },
          {
            "a": "1063486603"
          },
          {
            "a": "1248013193"
          }
        ]
      }
    },
    {
      "035": {
        "ind1": "\\",
        "ind2": "\\",
        "subfields": [
          {
            "a": "(OCoLC)1444157"
          },
          {
            "z": "(OCoLC)247067138"
          },
          {
            "z": "(OCoLC)561169354"
          },
          {
            "z": "(OCoLC)1063486603"
          },
          {
            "z": "(OCoLC)1248013193"
          }
        ]
      }
    },
    {
      "043": {
        "ind1": "\\",
        "ind2": "\\",
        "subfields": [
          {
            "a": "n-us---"
          }
        ]
      }
    },
    {
      "050": {
        "ind1": "0",
        "ind2": "0",
        "subfields": [
          {
            "a": "AS911.A2"
          },
          {
            "b": "K4"
          }
        ]
      }
    },
    {
      "082": {
        "ind1": "0",
        "ind2": "4",
        "subfields": [
          {
            "a": "060"
          },
          {
            "b": "KEP"
          }
        ]
      }
    },
    {
      "100": {
        "ind1": "1",
        "ind2": "\\",
        "subfields": [
          {
            "a": "Keppel, Frederick P."
          },
          {
            "q": "(Frederick Paul),"
          },
          {
            "d": "1875-1943."
          }
        ]
      }
    },
    {
      "245": {
        "ind1": "1",
        "ind2": "4",
        "subfields": [
          {
            "a": "The foundation :"
          },
          {
            "b": "its place in American life /"
          },
          {
            "c": "by Frederick P. Keppel ... an account of the development of philanthropic endowments, and their present activities in relation to education and scientific and social progress."
          }
        ]
      }
    },
    {
      "260": {
        "ind1": "\\",
        "ind2": "\\",
        "subfields": [
          {
            "a": "New York :"
          },
          {
            "b": "Macmillan Co.,"
          },
          {
            "c": "1930."
          }
        ]
      }
    },
    {
      "300": {
        "ind1": "\\",
        "ind2": "\\",
        "subfields": [
          {
            "a": "viii, 113 pages ;"
          },
          {
            "c": "20 cm"
          }
        ]
      }
    },
    {
      "336": {
        "ind1": "\\",
        "ind2": "\\",
        "subfields": [
          {
            "a": "text"
          },
          {
            "b": "txt"
          },
          {
            "2": "rdacontent"
          }
        ]
      }
    },
    {
      "337": {
        "ind1": "\\",
        "ind2": "\\",
        "subfields": [
          {
            "a": "unmediated"
          },
          {
            "b": "n"
          },
          {
            "2": "rdamedia"
          }
        ]
      }
    },
    {
      "338": {
        "ind1": "\\",
        "ind2": "\\",
        "subfields": [
          {
            "a": "volume"
          },
          {
            "b": "nc"
          },
          {
            "2": "rdacarrier"
          }
        ]
      }
    },
    {
      "340": {
        "ind1": "\\",
        "ind2": "\\",
        "subfields": [
          {
            "m": "8vo."
          },
          {
            "2": "rdabf"
          }
        ]
      }
    },
    {
      "500": {
        "ind1": "\\",
        "ind2": "\\",
        "subfields": [
          {
            "a": "\"Page-Barbour lectures, University of Virginia.\""
          }
        ]
      }
    },
    {
      "505": {
        "ind1": "0",
        "ind2": "\\",
        "subfields": [
          {
            "a": "Introduction -- Place of the foundation in the general picture of progress -- Past and present -- Foundation policies -- Organization and procedure -- Foundation activities -- Conclusion."
          }
        ]
      }
    },
    {
      "650": {
        "ind1": "\\",
        "ind2": "0",
        "subfields": [
          {
            "a": "Endowments"
          },
          {
            "z": "United States."
          }
        ]
      }
    },
    {
      "650": {
        "ind1": "\\",
        "ind2": "7",
        "subfields": [
          {
            "a": "Endowments."
          },
          {
            "2": "fast"
          },
          {
            "0": "(OCoLC)fst00909854"
          }
        ]
      }
    },
    {
      "651": {
        "ind1": "\\",
        "ind2": "7",
        "subfields": [
          {
            "a": "United States."
          },
          {
            "2": "fast"
          },
          {
            "0": "(OCoLC)fst01204155"
          }
        ]
      }
    },
    {
      "776": {
        "ind1": "0",
        "ind2": "8",
        "subfields": [
          {
            "i": "Online version:"
          },
          {
            "a": "Keppel, Frederick P. (Frederick Paul), 1875-1943."
          },
          {
            "t": "Foundation."
          },
          {
            "d": "New York, Macmillan Co., 1930"
          },
          {
            "w": "(OCoLC)587279141"
          }
        ]
      }
    },
    {
      "830": {
        "ind1": "\\",
        "ind2": "0",
        "subfields": [
          {
            "a": "Page-Barbour lectures ;"
          },
          {
            "v": "1930."
          }
        ]
      }
    },
    {
      "994": {
        "ind1": "\\",
        "ind2": "\\",
        "subfields": [
          {
            "a": "Z0"
          },
          {
            "b": "NYRVC"
          }
        ]
      }
    },
    {
      "948": {
        "ind1": "\\",
        "ind2": "\\",
        "subfields": [
          {
            "h": "NO HOLDINGS IN NYRVC - 207 OTHER HOLDINGS"
          }
        ]
      }
    },
    {
      "999": {
        "ind1": "\\",
        "ind2": "\\",
        "subfields": [
          {
            "a": "00000000013851"
          }
        ]
      }
    }
  ]
}